@TechReport{working05:ipcc,
  author =       {{Prepared by Working Group III of the {IPCC}
                  }},
  title =        {{IPCC} Special Report on Carbon Dioxide Capture and
                  Storage},
  institution =  {Intergovernmental Panel on Climate Change},
  publisher =    {Cambridge University Press, Cambridge, United
                  Kingdom and New York, NY, USA},
  editor =       {Metz, B. and O. Davidson and H. C. de Coninck and M. Loos
                  and L. A. Meyer},
  url = {http://www.ipcc-wg3.de/special-reports/special-report-on-carbon-dioxide-capture-and-storage},
  year =         {2005 (accessed January 2013)},
}

@TechReport{agency12:co-emiss-fuel-combus,
  author =       {{I}nternational {E}nergy {A}gency},
  title =        {{CO$_{2}$} Emissions from Fuel Combustion - Highlights},
  institution =  {International Energy Agency},
  year =         {2012 (accessed May 2013)},
  url =          {http://www.iea.org/publications/freepublications/publication/CO2emissionfromfuelcombustionHIGHLIGHTS.pdf}}

@TechReport{doe00:carbon-dioxid-emiss-gener-elect,
  author =       {{DOE} and {EPA}},
  title =        {Carbon Dioxide Emissions from the Generation of
                  Electric Power in the United States},
  institution =  {Department of Energy and the Environmental
                  Protection Agency},
  year =         {2000 (accessed January 2013)},
  url =          {ftp://ftp.eia.doe.gov/environment/co2emiss00.pdf}}


@TechReport{epa-inventory,
  author = 	 {{US-EPA}},
  title = 	 {Inventory of U.S. Greenhouse Gas Emissions and Sinks:1990-2009},
  institution =  {U.S. Environmental Protection Agency},
  year = 	 {2011 (accessed January 2013)},
  url = {http://www.epa.gov/climatechange/Downloads/ghgemissions/US-GHG-Inventory-2011-Complete_Report.pdf},
  number = 	 {EPA 430-R-11-005}}

@InProceedings{xu03:_separ_co_power_plant_flue,
  author =       {Xiaochun Xu and Chunshan Song and Ronald Wincek and
                  John M. Andresen and Bruce G. Miller and Alan
                  W. Scaroni},
  title =        {Separation of {CO$_2$} from Power Plant Flue Gas Using
                  a Novel {CO$_2$} "Molecular Basket" Adsorbent},
  url =
                  {web.anl.gov/PCS/.../48_1_New\%20Orleans__03-03_0429.pdf},
  booktitle = {Fuel Chemistry Division Preprints},
  year =      2003,
  volume =    48,
  number =    1,
  pages =     162}

@article{Rochelle25092009,
  author =       {Rochelle, Gary T.},
  title =        {Amine Scrubbing for {CO$_2$} Capture},
  volume =       {325},
  number =       {5948},
  pages =        {1652},
  year =         {2009},
  doi =          {10.1126/science.1176731},
  abstract =     {Amine scrubbing has been used to separate carbon
                  dioxide (CO$_2$) from natural gas and hydrogen since
                  1930. It is a robust technology and is ready to be
                  tested and used on a larger scale for CO$_2$ capture
                  from coal-fired power plants. The minimum work
                  requirement to separate CO$_2$ from coal-fired flue gas
                  and compress CO$_2$ to 150 bar is 0.11 megawatt-hours
                  per metric ton of CO$_2$. Process and solvent
                  improvements should reduce the energy consumption to
                  0.2 megawatt-hour per ton of CO$_2$. Other advanced
                  technologies will not provide energy-efficient or
                  timely solutions to CO$_2$ emission from conventional
                  coal-fired power plants.},
  url =           {http://www.sciencemag.org/content/325/5948/1652.abstract},
  eprint =        {http://www.sciencemag.org/content/325/5948/1652.full.pdf},
  journal =      {Science}
}

@article{doi:10.1021/es204051s,
  author =       {Reynolds, Alicia J. and Verheyen, T. Vincent and
                  Adeloju, Samuel B. and Meuleman, Erik and Feron,
                  Paul},
  title =        {Towards Commercial Scale Postcombustion Capture of
                  {CO$_2$} with Monoethanolamine Solvent: Key
                  Considerations for Solvent Management and
                  Environmental Impacts},
  journal =      {Environ. Sci. Technol.},
  volume =       {46},
  number =       {7},
  pages =        {3643},
  year =         {2012},
  doi =          {10.1021/es204051s},
  URL =          {http://pubs.acs.org/doi/abs/10.1021/es204051s},
  eprint =       {http://pubs.acs.org/doi/pdf/10.1021/es204051s}
}

@article{Voice2011171,
  title =        "Oxidation of Amines at Absorber Conditions for {CO$_2$}
                  Capture from Flue Gas",
  journal =      "Energy Procedia",
  volume =       4,
  number =       0,
  pages =        "171",
  year =         2011,
  issn =         "1876-6102",
  doi =          "10.1016/j.egypro.2011.01.038",
  url =          "http://www.sciencedirect.com/science/article/pii/S1876610211000397",
  author =       "Alexander K. Voice and Gary T. Rochelle",
  keywords =     "Oxidative degradation",
  keywords =     "Amine screening",
  keywords =     "Ammonia rates",
  keywords =     "Activation energy"
}

@article{doi:10.1021/ie0614024,
  author =       {Uyanga, Itoro J. and Idem, Raphael O.},
  title =        {Studies of {SO$_2$}- and {O$_2$}-Induced Degradation of
                  Aqueous MEA during {CO$_2$} Capture from Power Plant Flue
                  Gas Streams},
  journal =      {Ind. Eng. Chem. Res.},
  volume =       {46},
  number =       {8},
  pages =        {2558},
  year =         {2007},
  doi =          {10.1021/ie0614024},
  URL =          {http://pubs.acs.org/doi/abs/10.1021/ie0614024},
  eprint =       {http://pubs.acs.org/doi/pdf/10.1021/ie0614024}
}

@article{doi:10.1021/ie201666g,
  author =       {Fisher, James C. and Siriwardane, Ranjani V. and
                  Stevens, Robert W.},
  title =        {Zeolite-Based Process for {CO$_2$} Capture from
                  High-Pressure, Moderate-Temperature Gas Streams},
  journal =      {Ind. Eng. Chem. Res.},
  volume =       {50},
  number =       {24},
  pages =        {13962},
  year =         {2011},
  doi =          {10.1021/ie201666g},
  URL =          {http://pubs.acs.org/doi/abs/10.1021/ie201666g},
  eprint =       {http://pubs.acs.org/doi/pdf/10.1021/ie201666g}
}

@article{doi:10.1021/ef8010614,
  author =       {Drage, Trevor C. and Blackman, James M. and Pevida,
                  Cova and Snape, Colin E.},
  title =        {Evaluation of Activated Carbon Adsorbents for {CO$_2$}
                  Capture in Gasification},
  journal =      {Energy \& Fuels},
  volume =       {23},
  number =       {5},
  pages =        {2790},
  year =         {2009},
  doi =          {10.1021/ef8010614},
  URL =          {http://pubs.acs.org/doi/abs/10.1021/ef8010614},
  eprint =       {http://pubs.acs.org/doi/pdf/10.1021/ef8010614}
}

@article {CSSC:CSSC201000131,
  author =       {Li, Wen and Choi, Sunho and Drese, Jeffery H. and
                  Hornbostel, Marc and Krishnan, Gopala and
                  Eisenberger, Peter M.  and Jones, Christopher W.},
  title =        {Steam-Stripping for Regeneration of Supported
                  Amine-Based {CO$_2$} Adsorbents},
  journal =      {ChemSusChem},
  volume =       {3},
  number =       {8},
  publisher =    {WILEY-VCH Verlag},
  issn =         {1864},
  url =          {http://dx.doi.org/10.1002/cssc.201000131},
  doi =          {10.1002/cssc.201000131},
  pages =        {899--903},
  keywords =     {adsorption, carbon capture, industrial chemistry,
                  regeneration, steam stripping},
  year =         {2010},
}

@article{doi:10.1021/ef020058u,
  author =       {Xu, Xiaochun and Song, Chunshan and Andresen, John
                  M. and Miller, Bruce G. and Scaroni, Alan W.},
  title =        {Novel Polyethylenimine-Modified Mesoporous Molecular
                  Sieve of MCM-41 Type as High-Capacity Adsorbent for
                  {CO$_2$} Capture},
  journal =      {Energy \& Fuels},
  volume =       {16},
  number =       {6},
  pages =        {1463},
  year =         {2002},
  doi =          {10.1021/ef020058u},
  URL =          {http://pubs.acs.org/doi/abs/10.1021/ef020058u},
  eprint =       {http://pubs.acs.org/doi/pdf/10.1021/ef020058u}
}

@article{doi:10.1021/ie200686q,
  author =       {Samanta, Arunkumar and Zhao, An and Shimizu, George
                  K. H. and Sarkar, Partha and Gupta, Rajender},
  title =        {Post-Combustion {CO$_2$} Capture Using Solid Sorbents:
                  A Review},
  journal =      {Ind. Eng. Chem. Res.},
  volume =       {51},
  number =       {4},
  pages =        {1438},
  year =         {2012},
  doi =          {10.1021/ie200686q},
  URL =          {http://pubs.acs.org/doi/abs/10.1021/ie200686q},
  eprint =       {http://pubs.acs.org/doi/pdf/10.1021/ie200686q}
}

@article {CSSC:CSSC200900036,
  author =       {Choi, Sunho and Drese, Jeffrey H. and Jones, Christopher W.},
  title =        {Adsorbent Materials for Carbon Dioxide Capture from
                  Large Anthropogenic Point Sources},
  journal =      {ChemSusChem},
  volume =       {2},
  number =       {9},
  publisher =    {WILEY-VCH Verlag},
  issn =         {1864},
  url =          {http://dx.doi.org/10.1002/cssc.200900036},
  doi =          {10.1002/cssc.200900036},
  pages =        {796--854},
  keywords =     {adsorption, atmospheric chemistry, carbon capture
                  and storage, combustion, sustainable chemistry},
  year =         {2009},
}

@article{doi:10.1021/ie300452c,
  author =       {Alesi, W. Richard and Kitchin, John R.},
  title =        {Evaluation of a Primary Amine-Functionalized
                  Ion-Exchange Resin for {CO$_2$} Capture},
  journal =      {Ind. Eng. Chem. Res.},
  volume =       {51},
  number =       {19},
  pages =        {6907},
  year =         {2012},
  doi =          {10.1021/ie300452c},
  URL =          {http://pubs.acs.org/doi/abs/10.1021/ie300452c},
  eprint =       {http://pubs.acs.org/doi/pdf/10.1021/ie300452c}
}

@article{doi:10.1021/ie0504194,
  author =	 {Franchi, Robert S. and Harlick, Peter J. E. and
                  Sayari, Abdelhamid},
  title =	 {Applications of Pore-Expanded Mesoporous
                  Silica. 2. Development of a High-Capacity,
                  Water-Tolerant Adsorbent for CO$_2$},
  journal =	 {Ind. Eng. Chem. Res.},
  volume =	 44,
  number =	 21,
  pages =	 {8007},
  year =	 2005,
  doi =		 {10.1021/ie0504194},
  URL =		 {http://pubs.acs.org/doi/abs/10.1021/ie0504194},
  eprint =	 {http://pubs.acs.org/doi/pdf/10.1021/ie0504194}
}
@Article{gray04:_captur,
  author =       { M.L. Gray and Y. Soong and K.J. Champagne and
                  H.W. Pennline and J. Baltrus and R.W. Stevens and
                  R. Khatri and S.S.C. Chuang },
  title =        {Capture of Carbon Dioxide by Solid Amine Sorbents},
  journal =      {International Journal of Environmental Technology
                  and Management},
  year =         2004,
  volume =       4,
  number =       1,
  pages =        {82},
  URL =          {http://inderscience.metapress.com/content/9GN399HEC1BD2T3V}
}


@article {CSSC:CSSC201000056,
  author =       {Alesi, W. Richard and Gray, McMahan and Kitchin, John R.},
  title =        {{CO$_2$} Adsorption on Supported Molecular Amidine
                  Systems on Activated Carbon},
  journal =      {ChemSusChem},
  volume =       {3},
  number =       {8},
  publisher =    {WILEY-VCH Verlag},
  issn =         {1864-564X},
  url =          {http://dx.doi.org/10.1002/cssc.201000056},
  doi =          {10.1002/cssc.201000056},
  pages =        {948},
  keywords =     {amines, carbon, sorbents, sustainable chemistry,
                  thermodynamics},
  year =         {2010},
}

@article{doi:10.1021/ef100679e,
  author =	 {Belmabkhout, Youssef and Sayari, Abdelhamid},
  title =	 {Isothermal versus Non-isothermal
                  Adsorption-Desorption Cycling of Triamine-Grafted
                  Pore-Expanded {MCM}-41 Mesoporous Silica for {CO$_2$}
                  Capture from Flue Gas},
  journal =	 {Energy \& Fuels},
  volume =	 {24},
  number =	 {9},
  pages =	 {5273},
  year =	 {2010},
  doi =		 {10.1021/ef100679e},
  URL =
                  {http://pubs.acs.org/doi/abs/10.1021/ef100679e},
  eprint =	 {http://pubs.acs.org/doi/pdf/10.1021/ef100679e}
}

@article{doi:10.1021/ef050402,
  author =       {Khatri, Rajesh A. and Chuang, Steven S. C. and
                  Soong, Yee and Gray, McMahan},
  title =        {Thermal and Chemical Stability of Regenerable Solid
                  Amine Sorbent for {CO$_2$} Capture},
  journal =      {Energy \& Fuels},
  volume =       {20},
  number =       {4},
  pages =        {1514},
  year =         {2006},
  doi =          {10.1021/ef050402y},
  URL =          {http://pubs.acs.org/doi/abs/10.1021/ef050402y},
  eprint =       {http://pubs.acs.org/doi/pdf/10.1021/ef050402y}
}

@article{doi:10.1021/ef200140z,
  author =       {Bollini, Praveen and Choi, Sunho and Drese, Jeffrey
                  H. and Jones, Christopher W.},
  title =        {Oxidative Degradation of Aminosilica Adsorbents
                  Relevant to Postcombustion {CO$_2$} Capture},
  journal =      {Energy \& Fuels},
  volume =       {25},
  number =       {5},
  pages =        {2416},
  year =         {2011},
  doi =          {10.1021/ef200140z},
  URL =          {http://pubs.acs.org/doi/abs/10.1021/ef200140z},
  eprint =       {http://pubs.acs.org/doi/pdf/10.1021/ef200140z}
}

@article{doi:10.1021/ja01269a023,
  author =       {Brunauer, Stephen and Emmett, P. H. and Teller,
                  Edward},
  title =        {Adsorption of Gases in Multimolecular Layers},
  journal =      {J. Am. Chem. Soc.},
  volume =       {60},
  number =       {2},
  pages =        {309},
  year =         {1938},
  doi =          {10.1021/ja01269a023},
  URL =          {http://pubs.acs.org/doi/abs/10.1021/ja01269a023},
  eprint =       {http://pubs.acs.org/doi/pdf/10.1021/ja01269a023}
}

@article{doi:10.1021/ja01145a126,
  author =       {Barrett, Elliott P. and Joyner, Leslie G. and
                  Halenda, Paul P.},
  title =        {The Determination of Pore Volume and Area
                  Distributions in Porous Substances. I. Computations
                  from Nitrogen Isotherms},
  journal =      {J. Am. Chem. Soc.},
  volume =       {73},
  number =       {1},
  pages =        {373},
  year =         {1951},
  doi =          {10.1021/ja01145a126},
  URL =          {http://pubs.acs.org/doi/abs/10.1021/ja01145a126},
  eprint =       {http://pubs.acs.org/doi/pdf/10.1021/ja01145a126}
}

@article{Sjostrom20101298,
  title =        "Evaluation of Solid Sorbents as a Retrofit
                  Technology for {CO$_2$} Capture",
  journal =      "Fuel",
  volume =       "89",
  number =       "6",
  pages =        "1298",
  year =         "2010",
  issn =         "0016-2361",
  doi =          "10.1016/j.fuel.2009.11.019",
  url =
                  "http://www.sciencedirect.com/science/article/pii/S0016236109005286",
  author =       "Sharon Sjostrom and Holly Krutka",
  keywords =     "Adsorption",
  keywords =     "CO<sub>2</sub> adsorbents",
  keywords =     "Carbon capture"
}

@article{Drage2009875,
  title =        "Developing Strategies for the Regeneration of
                  Polyethylenimine Based {CO$_2$} Adsorbents",
  journal =      "Energy Procedia",
  volume =       "1",
  number =       "1",
  pages =        "875",
  year =         "2009",
  issn =         "1876-6102",
  doi =          "10.1016/j.egypro.2009.01.116",
  url =
                  "http://www.sciencedirect.com/science/article/pii/S1876610209001179",
  author =       "T.C. Drage and K.M. Smith and A. Arenillas and
                  C.E. Snape",
  keywords =     "Adsorption",
  keywords =     "CO<sub>2</sub> capture",
  keywords =     "Gas clean-up"
}

@article{Bedell2009771,
  title =        "Oxidative Degradation Mechanisms for Amines in Flue
                  Gas Capture",
  journal =      "Energy Procedia",
  volume =       "1",
  number =       "1",
  pages =        "771",
  year =         "2009",
  issn =         "1876-6102",
  doi =          "10.1016/j.egypro.2009.01.102",
  url =
                  "http://www.sciencedirect.com/science/article/pii/S1876610209001039",
  author =       "Stephen A. Bedell",
  keywords =     "Amine",
  keywords =     "Degradation",
  keywords =     "Carbon dioxide",
  keywords =     "Capture",
  keywords =     "Mechanisms"
}

@article{doi:10.1021/ja1013773,
  author =       {Sayari, Abdelhamid and Belmabkhout, Youssef},
  title =        {Stabilization of Amine-Containing {CO$_2$} Adsorbents:
                  Dramatic Effect of Water Vapor},
  journal =      {J. Am. Chem. Soc.},
  volume =       {132},
  number =       {18},
  pages =        {6312},
  year =         {2010},
  doi =          {10.1021/ja1013773},
  URL =          {http://pubs.acs.org/doi/abs/10.1021/ja1013773},
  eprint =       {http://pubs.acs.org/doi/pdf/10.1021/ja1013773}
}

@book{Dominik2010,
  author =       {Carsten Dominik},
  title =        {The Org-Mode 7 Reference Manual: Organize
                  Your Life with GNU Emacs},
  publisher =    {Network Theory},
  year =         2010,
  address =      {UK},
  optnote =         {with contributions by David O'Toole, Bastien Guerry,
                  Philip Rooke, Dan Davison, Eric Schulte, and Thomas
                  Dye}
}

@Article{Hunter:2007,
  Author    = {Hunter, J. D.},
  Title     = {Matplotlib: A 2D graphics environment},
  Journal   = {Computing In Science \& Engineering},
  Volume    = {9},
  Number    = {3},
  Pages     = {90--95},
  abstract  = {Matplotlib is a 2D graphics package used for Python
  for application development, interactive scripting, and
  publication-quality image generation across user
  interfaces and operating systems.},
  publisher = {IEEE COMPUTER SOC},
  year      = 2007
}
@ARTICLE{5756277,
  author =	 {Schulte, E. and Davison, D.},
  journal =	 {Computing in Science Engineering},
  title =	 {Active Documents with Org-Mode},
  year =	 2011,
  volume =	 13,
  number =	 3,
  pages =	 {66 -73},
  keywords =	 {Org-mode language;active documents;code
                  intermingling;data intermingling;hierarchical
                  documents;plain-text markup language;prose
                  intermingling;document handling;specification
                  languages;},
  optdoi =		 {10.1109/MCSE.2011.41},
  ISSN =	 {1521-9615},
}

@article{v46i03,
  author =	"Eric Schulte and Dan Davison and Thomas Dye and Carsten Dominik",
  title =	"A Multi-Language Computing Environment for Literate Programming and Reproducible Research",
  journal =	"Journal of Statistical Software",
  volume =	46,
  number =	3,
  pages =	"1--24",
  day =  	25,
  month =	1,
  year = 	2012,
  CODEN =	"JSSOBK",
  ISSN = 	"1548-7660",
  bibdate =	"2011-10-03",
  optURL =  	"http://www.jstatsoft.org/v46/i03",
  accepted =	"2011-10-03",
  submitted =	"2010-12-22",
}
