@article{chretien-density-2006,
  year =	 {2006},
  issn =	 {1011-372X},
  journal =	 CL,
  volume =	 {107},
  number =	 {3-4},
  doi =		 {10.1007/s10562-005-0014-6},
  title =	 {Density Functional Study of the \ce{CO} Oxidation on
                  a Doped Rutile \ce{TiO_{2}}(110): Effect of Ionic
                  \ce{Au} in Catalysis},
  url =		 {http://dx.doi.org/10.1007/s10562-005-0014-6},
  publisher =	 {Kluwer Academic Publishers-Plenum Publishers},
  keywords =	 {density functional theory; TiO2(110); molecular
                  oxygen; carbon monoxide; CO oxidation; reaction
                  mechanism; doped oxides; Au; Ag; Cu; Ni; Pd; Pt},
  author =	 {Chr{\'e}tien, Steeve and Metiu, Horia},
  pages =	 {143-147},
  language =	 {English}
}