% http://cassi.cas.org/search.jsp
@string{JC="J. Catal."}
@string{CL="Catal. Lett."}
@string{TC="Top. Catal."}
@string{ACBE="Appl. Catal., B"}
@string{PSurfSci="Prog. Surf. Sci."}
@string{CR="Chem. Rev."}
@string{CM="Chem. Mater."}
@string{JES="J. Electrochem. Soc."}
@string{WR="Water Res."}
@string{JMatR="J. Mater. Res."}
@string{ECST="ECS Trans."}
@string{AngC="Angew. Chem., Int. Ed. Engl."}
@string{SABC="Sens. Actuators, B"}
@string{MSE-BS="Mater. Sci. Eng., B"}
@string{Nature="Nature"}
@string{NM="Nature Materials"}
@string{CSR="Chem. Soc. Rev."}
@string{JPC="J. Phys. Chem."}
@string{JPCA="J. Phys. Chem. A"}
@string{JPCB="J. Phys. Chem. B"}
@string{JPCC="J. Phys. Chem. C"}
@string{JPCL="J. Phys. Chem. Lett."}
@string{Science="Science"}
@string{PRB="Phys. Rev. [Sect.] B"}
@string{JMC="J. Mater. Chem."}
@string{EPJB="Eur. Phys. J. B"}
@string{JALC="J. Alloys Compd."}
@string{HPR="High Pressure Res."}
@string{APL="Appl. Phys. Lett."}
@string{JPCM="J. Phys.: Condens. Matter"}
@string{ASS="Appl. Surf. Sci."}
@string{JAC="J. Appl. Crystallogr."}
@string{JMC="J. Mater. Chem."}
@string{AM="Acta Mater."}
@string{CEC="CrystEngComm"}
@string{CGD="Cryst. Growth Des."}
@string{TSF="Thin Solid Films"}
@string{JPCS="J. Phys. Chem. Solids"}
@string{PRL="Phys. Rev. Lett."}
@string{PSSB="Phys. Status Solidi B"}
@string{APLM="APL Mater."}
@string{CPC="Comput. Phys. Commun."}
@string{CPMS="Comput. Mater. Sci."}
@string{JCP="J. Chem. Phys."}
@string{JACS="J. Am. Chem. Soc."}
@string{PB="Phys. B (Amsterdam, Neth.)"}
@string{PCM="Phys. Chem. Miner."}
@string{JMSL="J. Mater. Sci. Lett."}
@string{AMiner="Am. Mineral."}
@string{JAP="J. Appl. Phys. (Melville, NY, U. S.)"}
@string{JACerS="J. Am. Ceram. Soc."}
@string{IC="Inorg. Chem."}
@string{JSSC="J. Solid State Chem."}
@string{JES="J. Electrochem. Soc."}
@string{JCG="J. Cryst. Growth"}
@string{PML="Philos. Mag. Lett."}
@string{JVST="J. Vac. Sci. Technol., A"}
@string{JJAP="Jpn. J. Appl. Phys."}
@string{SS="Surf. Sci."}
@string{ML="Mater. Lett."}